@article{Nelder:65,
	author = {Nelder, J. A. and Mead, R.},
	journal = {Computer Journal},
	pages = {308-313},
	title = {A Simplex Method for Function Minimization},
	volume = 7,
	year = 1965
}

@article{Good:92,
	author = {Good, I. J.},
	journal = {Journal of The American Statistical Association},
	number = {419},
	pages = {597--606},
	title = {{The Bayes/Non-Bayes Compromise: A Brief Review}},
	volume = {87},
	year = {1992}
}

@article{Ostermeier:94,
	author = {Ostermeier, Andreas and Gawelczyk, Andreas and Hansen, Nikolaus},
	title = {{A Derandomized Approach to Self-adaptation of Evolution Strategies}},
	journal = {Evol. Comput.},
	volume = {2},
	number = {4},
	month = dec,
	year = {1994},
	pages = {369--380},
	publisher = {MIT Press},
	address = {Cambridge, MA, USA},
} 

@inproceedings{Potter:94,
	author = {Potter, Mitchell A. and Jong, Kenneth A. De},
	title = {A Cooperative Coevolutionary Approach to Function Optimization},
	booktitle = {Proc. of the Third Conference on Parallel Problem Solving from Nature (PPSN III)},
	year = {1994},
	pages = {249--257},
	publisher = {Springer-Verlag},
	address = {London, UK, UK}
}

@techreport{Storn:95,
  author = {Storn, Rainer and Price, Kenneth},
  institution = {International Computer Science Institute, Berkeley, Tech. Rep. TR\-95\-\-012},
  title = {Differential Evolution: A simple and efficient adaptive scheme for global optimization over continuous spaces},
  year = 1995
}

@INPROCEEDINGS{Storn:96,
	author={Storn, R. and Price, K.},
	booktitle={IEEE Int. Conference on Evol. Computation 1996 (ICEC'96)},
	title={Minimizing the real functions of the ICEC'96 contest by differential evolution},
	year={1996},
	pages={842-844},
}


@article{Storn:97,
	author = {Storn, Rainer and Price, Kenneth},
	title = {{Differential Evolution - A Simple and Efficient Heuristic for Global Optimization over Continuous Spaces}},
	journal = {J. of Global Optimization},
	volume = {11},
	number = {4},
	month = dec,
	year = {1997},
	pages = {341--359},
	publisher = {Kluwer Academic Publishers},
	address = {Hingham, MA, USA}
}

@article{Johnson:99,
	author = {Johnson, Douglas H.},
	journal = {The Journal of Wildlife Management},
	month = jul,
	number = {3},
	pages = {763--772},
	publisher = {Allen Press},
	title = {{The Insignificance of Statistical Significance Testing}},
	volume = {63},
	year = {1999}
}

@inproceedings{Lampinen:00,
	author = {Lampinen, Jouni and Zelinka, Ivan},
	booktitle = {6th Int. Mendel Conference on Soft Computing (MENDEL 2000)},
	pages = {76--83},
	title = {{On Stagnation Of The Differential Evolution Algorithm}},
	year = {2000}
}

@inproceedings{Bowling:01,
	author = {Bowling, Michael and Veloso, Manuela},
	title = {Rational and Convergent Learning in Stochastic Games},
	booktitle = {Proceedings of the 17th International Joint Conference on Artificial Intelligence - Volume 2},
	series = {IJCAI'01},
	year = {2001},
	pages = {1021--1026},
	publisher = {Morgan Kaufmann Publishers Inc.},
	address = {San Francisco, CA, USA},
} 

@INPROCEEDINGS{Abbass:02, 
	author={Abbass, H.A.}, 
	booktitle={IEEE Congr. on Evol. Computation 2002 (CEC'02)}, 
	title={The self-adaptive Pareto differential evolution algorithm}, 
	year={2002}, 
	volume={1}, 
	pages={831-836}
}

@inproceedings{Gamperle:02,
	author={G\"amperle, R. and M\"uller, S.D. and Koumoutsakos, P.},
  title={{A Parameter Study for Differential Evolution}},
	booktitle={{Advances in Intelligent Syst., Fuzzy Syst., Evol. Computation}},
	editor={Grmela, A. and Mastorakis, N.E.},
	year={2002},
	publisher={WSEAS Press},
	pages={293-298}
}

@BOOK{Eiben:03,
	author    = {A.E. Eiben and J.E. Smith},
	title     = {{Introduction to Evolutionary Computing}},
	publisher = {Springer},
	series    = {Natural Computing Series},
	year      = {2003},
	isbn      = {3-540-40184-9}
}

@inproceedings{Zaharie:03,
	address = {Brno, Czech Republic},
	author = {Zaharie, D.},
	booktitle = {Proc. of Mendel 2003, 9th International Conference on Soft Computing},
	editor = {Matousek, R. and Osmera, P.},
	month = jun,
	pages = {41--46},
	title = {{Control of Population Diversity and Adaptation in Differential Evolution Algorithms}},
	year = {2003}
}

@article{Hrstka:04,
	title = "Improvements of real coded genetic algorithms based on differential operators preventing premature convergence ",
	journal = "Advances in Engineering Software",
	volume = "35",
	number = "3–4",
	pages = "237 - 246",
	year = "2004",
	author = "Ondřej Hrstka and Anna Kucerova",
}

@article{Karaboga:04,
	title={{A Simple and Global Optimization Algorithm for Engineering Problems: Differential Evolution Algorithm}},
	journal= "Turk J Elec Engin",
	volume = "12",
	number = "1",
	pages = "53 - 60",
	year = "2004",
	author = {Dervis Karabo\^ga and Selçuk \"{O}kdem}
}


@INPROCEEDINGS{Thomsen:04, 
	author={Thomsen, R.}, 
	booktitle={IEEE Congr. on Evol. Computation 2004 (CEC'04)}, 
	title={Multimodal optimization using crowding-based differential evolution}, 
	year={2004}, 
	volume={2}, 
	pages={1382-1389}, 
}

@INPROCEEDINGS{Das:05,
	author={Qin, A. K. and Suganthan, P.N.},
	booktitle={IEEE Congr. on Evol. Computation 2005 (CEC'05)},
	title={Self-adaptive differential evolution algorithm for numerical optimization},
	year={2005},
	volume={2},
	pages={1785-1791 Vol. 2},
}

@inproceedings{Das:05b,
	author = {Das, Swagatam and Konar, Amit and Chakraborty, Uday K.},
	title = {Two improved differential evolution schemes for faster global search},
	booktitle = {The 2005 Conference on Genetic and Evol. Computation (GECCO'05)},
	year = {2005},
	pages = {991--998},
	publisher = {ACM},
}

@inproceedings{Li:05,
	author = {Li, Xiaodong},
	title = {Efficient differential evolution using speciation for multimodal function optimization},
	booktitle = {The 2005 Conference on Genetic and Evol. Computation (GECCO'05)},
	year = {2005},
	pages = {873--880},
	publisher = {ACM},
} 

@article{Liu:05,
	year={2005},
	journal={Soft Computing},
	volume={9},
	number={6},
	title={A Fuzzy Adaptive Differential Evolution Algorithm},
	publisher={Springer-Verlag},
	author={Liu, J. and Lampinen, J.},
	pages={448-462}
}

@incollection{Shi:05,
	year={2005},
	booktitle={Advances in Natural Computation},
	volume={3611},
	series={Lecture Notes in Computer Science},
	editor={Wang, Lipo and Chen, Ke and Ong, YewSoon},
	title={Cooperative Co-evolutionary Differential Evolution for Function Optimization},
	publisher={Springer Berlin Heidelberg},
	author={Shi, Yan-jun and Teng, Hong-fei and Li, Zi-qiang},
	pages={1080-1088}
}

@INPROCEEDINGS{Tizhoosh:05,
	author={Tizhoosh, H.R.},
	booktitle={2005 International Conference on Computational Intelligence for Modelling, Control and Automation, and International Conference on Intelligent Agents, Web Technologies and
	Internet Commerce},
	title={Opposition-Based Learning: A New Scheme for Machine Intelligence},
	year={2005},
	month={Nov},
	volume={1},
	pages={695-701}
}

@ARTICLE{Yang:05,
	author={Shiwen Yang and Anyong Qing},
	journal="{IEEE} Trans. Plasma Sci.",
	title={Design of High-Power Millimeter-Wave {TM}$_{01}$ - {TE}$_{11}$ Mode Converters by the Differential Evolution Algorithm},
	year={2005},
	volume={33},
	number={4},
	pages={1372-1376},
	month={Aug}
}

@book{Price:05,
	title={Differential Evolution: A Practical Approach to Global Optimization},
	author={Price, K. and Storn, R.M. and Lampinen, J.},
	series={Natural Computing Series},
	year={2005},
	publisher={U.S. Government Printing Office}
}

@article{Brest:06, 
	author={Brest, J. and Greiner, S. and Boskovic, B. and Mernik, M. and Zumer, V.}, 
	journal="{IEEE} Trans. Evol. Comput.", 
	title={{Self-Adapting Control Parameters in Differential Evolution: A Comparative Study on Numerical Benchmark Problems}}, 
	year={2006}, 
	volume={10}, 
	number={6}, 
	pages={646-657},
	month={Dec}
}

@inproceedings{Mezura-Montes:06,
 author = {Mezura-Montes, Efr\~{n}n and Vel\'{a}zquez-Reyes, Jes\'{u}s and Coello Coello, Carlos A.},
 title = {A comparative study of differential evolution variants for global optimization},
 booktitle = {8th Annu. Conference on Genetic and Evol. Computation},
 series = {GECCO '06},
 year = {2006},
 pages = {485--492},
 publisher = {ACM},
 address = {New York, NY, USA},
}

@ARTICLE{Santos:06,
	author={dos Santos Coelho, L. and Mariani, V.C.},
	journal="{IEEE} Trans. Power Syst.",
	title={Combining of chaotic differential evolution and quadratic programming for economic dispatch optimization with valve-point effect},
	year={2006},
	volume={21},
	number={2},
	pages={989-996},
	month={May}
}

@INPROCEEDINGS{Zielinski:06, 
	author={Zielinski, K. and Weitkemper, P. and Laur, R. and Kammeyer, K. -D}, 
	booktitle={IEEE Congr. on Evol. Computation 2006 (CEC'06)}, 
	title={Parameter Study for Differential Evolution Using a Power Allocation Problem Including Interference Cancellation}, 
	year={2006}, 
	pages={1857-1864}, 
}

@ARTICLE{Langdon:07, 
	author={Langdon, W.B. and Poli, R.}, 
	journal="{IEEE} Trans. Evol. Comput.", 
	title={Evolving Problems to Learn About Particle Swarm Optimizers and Other Search Algorithms}, 
	year={2007}, 
	volume={11}, 
	number={5}, 
	pages={561-578}, 
	month={Oct}
}

@book{Lobo:07,
  editor    = {Fernando G. Lobo and Cl{\'a}udio F. Lima and Zbigniew Michalewicz},
  title     = {Parameter Setting in Evolutionary Algorithms},
  publisher = {Springer},
  series    = {Studies in Computational Intelligence},
  volume    = {54},
  year      = {2007},
}

@INPROCEEDINGS{Olorunda:07, 
	author={Olorunda, O. and Engelbrecht, A.P.}, 
	booktitle={IEEE Congr. on Evol. Computation 2007 (CEC'07)}, 
	title={Differential evolution in high-dimensional search spaces}, 
	year={2007}, 
	pages={1934-1941}, 
}

@inproceedings{Soliman:07,
  author = {Soliman, Omar S. and Bui, Lam Thu and Abbass, Hussein A.},
  booktitle = {IEEE Congr. on Evol. Computation 2007 (CEC'07)},
  title = {The effect of a stochastic step length on the performance of the differential evolution algorithm.},
  year = 2007,
  pages = {2850-2857}
}

@inproceedings{Angela:08,
	author = {Angela, A.R.S and Andrade, A.O. and Soares, A.B.},
	title = {Exploration vs Exploitation in Differential Evolution},
	booktitle = {Convention in Commun., Interaction and Social Intell.},
	year = {2008}
}

@article{Brest:08,
	year={2008},
	journal={Applied Intelligence},
	volume={29},
	number={3},
	title={Population size reduction for the differential evolution algorithm},
	publisher={Springer US},
	author={Brest, Janez and Sepesy Maučec, Mirjam},
	pages={228-247},
}

@incollection{Brest:08b,
	year={2008},
	booktitle={Advances in Differential Evolution},
	volume={143},
	series={Studies in Computational Intelligence},
	editor={Chakraborty, UdayK.},
	title={{An Analysis of the Control Parameters’ Adaptation in DE}},
	publisher={Springer Berlin Heidelberg},
	author={Brest, Janez and Zamuda, Aleš and Bošković, Borko and Greiner, Sašo and Žumer, Viljem},
	pages={89-110}
} 

@ARTICLE{Noman:08, 
	author={Noman, N. and Iba, H.}, 
	journal="{IEEE} Trans. Evol. Comput.", 
	title={Accelerating Differential Evolution Using an Adaptive Local Search}, 
	year={2008}, 
	volume={12}, 
	number={1}, 
	pages={107-125}, 
	month={Feb}
}

@incollection{Storn:08,
	year={2008},
	booktitle={Advances in Differential Evolution},
	volume={143},
	series={Studies in Computational Intelligence},
	editor={Chakraborty, UdayK.},
	title={Differential Evolution Research – Trends and Open Questions},
	publisher={Springer Berlin Heidelberg},
	author={Storn, Rainer},
	pages={1-31}
}

@INPROCEEDINGS{Su:08, 
	author={Guoshao Su}, 
	booktitle={Pacific-Asia Workshop on Computational Intell. and Ind. Applicat., 2008 (PACIIA'08)}, 
	title={Gaussian Process Assisted Differential Evolution Algorithm for Computationally Expensive Optimization Problems}, 
	year={2008}, 
	volume={1}, 
	pages={272-276}, 
}


@article{Yang:08,
	title = "Large scale evolutionary optimization using cooperative coevolution",
	journal = "Information Sciences",
	volume = "178",
	number = "15",
	pages = "2985 - 2999",
	year = "2008",
	author = "Zhenyu Yang and Ke Tang and Xin Yao"
}

@ARTICLE{Leon:09,
	author    = {C. Le\'on and G. Miranda and C. Segura}, 
	title     = {{METCO: A Parallel Plugin-Based Framework for Multi-Objective Optimization}},
	journal   = {International Journal on Artificial Intelligence Tools},
	publisher = {World Scientific Publishing},
	year      = {2009},
	volume    = {18},
	number    = {4},
	pages     = {569--588}
}

@INPROCEEDINGS{Montgomery:09,
	author={Montgomery, J.},
	booktitle={IEEE Congress on Evolutionary Computation 2009},
	title={Differential evolution: Difference vectors and movement in solution space},
	year={2009},
	month={May},
	pages={2833-2840}
}

@inproceedings{Parsopoulos:09,
	author = {Parsopoulos, Konstantinos E.},
	title = {Cooperative micro-differential evolution for high-dimensional problems},
	booktitle = {Proc. of the 11th Annu. Conference on Genetic and Evol. Computation (GECCO'09)},
	year = {2009},
	pages = {531--538},
	publisher = {ACM},
	address = {New York, NY, USA},
}

@incollection{Rogelio:09,
	year={2009},
	booktitle={MICAI 2009: Advances in Artificial Intelligence},
	volume={5845},
	series={Lecture Notes in Computer Science},
	editor={Aguirre, ArturoHernández and Borja, RaúlMonroy and Garciá, CarlosAlbertoReyes},
	title={Using Copulas in Estimation of Distribution Algorithms},
	publisher={Springer Berlin Heidelberg},
	author={Salinas-Gutiérrez, Rogelio and Hernández-Aguirre, Arturo and Villa-Diharce, EnriqueR.},
	pages={658-668},
}

@incollection{Zielinski:08,
	year={2008},
	booktitle={Parallel Problem Solving from Nature – PPSN X},
	volume={5199},
	series={Lecture Notes in Computer Science},
	editor={Rudolph, Günter and Jansen, Thomas and Lucas, Simon and Poloni, Carlo and Beume, Nicola},
	title={Comparison of Adaptive Approaches for Differential Evolution},
	publisher={Springer Berlin Heidelberg},
	author={Zielinski, Karin and Wang, Xinwei and Laur, Rainer},
	pages={641-650}
}

@ARTICLE{Qin:09, 
	author={Qin, A. K. and Huang, V. L. and Suganthan, P.N.}, 
	journal="{IEEE} Trans. Evol. Comput.", 
	title={Differential Evolution Algorithm With Strategy Adaptation for Global Numerical Optimization}, 
	year={2009}, 
	volume={13}, 
	number={2}, 
	pages={398-417},
	month={April}
}

@article{Zaharie:09,
	title = "Influence of crossover on the behavior of Differential Evolution Algorithms ",
	journal = "Applied Soft Computing ",
	volume = "9",
	number = "3",
	pages = "1126 - 1138",
	year = "2009",
	author = "Daniela Zaharie",
}

@ARTICLE{Zhang:09, 
	author={Jingqiao Zhang and Sanderson, A.C.}, 
	journal="{IEEE} Trans. Evol. Comput.", 
	title={{JADE: Adaptive Differential Evolution With Optional External Archive}}, 
	year={2009}, 
	volume={13}, 
	number={5}, 
	pages={945-958},
	month={Oct}
}

@INPROCEEDINGS{Brest:10,
	author={Brest, J. and Zamuda, A. and Fister, I. and Mau\v{c}ec, M.S.},
	booktitle={2010 IEEE Congress on Evolutionary Computation (CEC)},
	title={Large scale global optimization using self-adaptive differential evolution algorithm},
	year={2010},
	month={July},
	pages={1-8},
}

@ARTICLE{Durillo:10, 
	author={Durillo, J.J. and Nebro, A.J. and Coello Coello, Carlos A. and Garcia-Nieto, J. and Luna, F. and Alba, E.}, 
	journal="{IEEE} Trans. Evol. Comput.", 
	title={A Study of Multiobjective Metaheuristics When Solving Parameter Scalable Problems}, 
	year={2010}, 
	volume={14}, 
	number={4}, 
	pages={618-635},
	month={Aug}
}

@incollection{Jeyakumar:10,
	author={Jeyakumar, G. and Shanmugavelayutham, C.},
	year={2010},
	booktitle={Swarm, Evol., and Memetic Computing},
	volume={6466},
	series={Lecture Notes in Computer Science},
	editor={Panigrahi, BijayaKetan and Das, Swagatam and Suganthan, PonnuthuraiNagaratnam and Dash, SubhransuSekhar},
	title={Analyzing the Explorative Power of Differential Evolution Variants on Different Classes of Problems},
	publisher={Springer Berlin Heidelberg},
	pages={95-102}
}

@article{Lozano:10,
	author = {Lozano, M. and Molina, D. and Herrera, F.},
	title = {{Editorial Scalability of Evolutionary Algorithms and Other Metaheuristics for Large-scale Continuous Optimization Problems}},
	journal = {Soft Computing - A Fusion of Foundations, Methodologies and Applications},
	publisher = {Springer Berlin / Heidelberg},
	pages = {1-3},
	year = {2010}
}

@INPROCEEDINGS{Montgomery:10,
	author={Montgomery, J. and Chen, S.},
	booktitle={2010 IEEE Congress on Evolutionary Computation (CEC)},
	title={An analysis of the operation of differential evolution at high and low crossover rates},
	year={2010},
	month={July},
	pages={1-8},
}

@INPROCEEDINGS{Montgomery:10b, 
	author={Montgomery, J.}, 
	booktitle={2010 IEEE Congress onE volutionary Computation (CEC)}, 
	title={Crossover and the different faces of differential evolution searches}, 
	year={2010}, 
	month={July}, 
	pages={1-8}, 
}

@article{Neri:10,
	year={2010},
	journal={Artificial Intelligence Review},
	volume={33},
	number={1-2},
	title={Recent advances in differential evolution: a survey and experimental analysis},
	publisher={Springer Netherlands},
	author={Neri, Ferrante and Tirronen, Ville},
	pages={61-106},
}

@techreport{Tang:10,
	author                    = {K{\={e}} T{\'{a}}ng and Xi{\v{a}}od{\={o}}ng L{\v{\i}} and Ponnuthurai Nagaratnam Suganthan and Zh{\`{e}}ny{\v{u}} Y{\'{a}}ng and Thomas Weise},
	title                     = {{Benchmark Functions for the CEC'2010 Special Session and Competition on Large-Scale Global Optimization}},
	institution               = {{University of Science and Technology of China (USTC), School of Computer Science and Technology, Nature Inspired Computation and Applications Laboratory (NICAL): {H{\'{e}}f{\'{e}}i, {\={A}}nhu{\={\i}}, China}}},
	year                      = {2010},
}

@INPROCEEDINGS{Wang:10,
	author={Hui Wang and Zhijian Wu and Rahnamayan, S. and Dazhi Jiang},
	booktitle={2010 IEEE Congress on Evolutionary Computation (CEC)},
	title={Sequential DE enhanced by neighborhood search for Large Scale Global Optimization},
	year={2010},
	month={July},
	pages={1-7},
}

@incollection{Zhao:10,
	year={2010},
	booktitle={Swarm, Evolutionary, and Memetic Computing},
	volume={6466},
	series={Lecture Notes in Computer Science},
	editor={Panigrahi, BijayaKetan and Das, Swagatam and Suganthan, PonnuthuraiNagaratnam and Dash, SubhransuSekhar},
	title={Self-adaptive Differential Evolution with Modified Multi-Trajectory Search for CEC’2010 Large Scale Optimization},
	publisher={Springer Berlin Heidelberg},
	author={Zhao, Shi-Zheng and Suganthan, PonnuthuraiNagaratnam and Das, Swagatam},
	pages={1-10}
}

@INPROCEEDINGS{Arabas:11, 
	author={Arabas, J. and Bartnik, L. and Opara, K.}, 
	booktitle={2011 IEEE Symp. on Differential Evolution (SDE'11)}, 
	title={DMEA - An algorithm that combines differential mutation with the fitness proportionate selection}, 
	year={2011}, 
	pages={1-8}, 
}

@article{Brest:11,
	year={2011},
	journal={Soft Computing},
	volume={15},
	number={11},
	title={Self-adaptive differential evolution algorithm using population size reduction and three strategies},
	publisher={Springer-Verlag},
	author={Brest, Janez and Mau\^ec, MirjamSepesy},
	pages={2157-2174}
}

@ARTICLE{Das:11, 
	author={Das, S. and Suganthan, P.N.}, 
	journal="{IEEE} Trans. Evol. Comput.", 
	title={Differential Evolution: A Survey of the State-of-the-Art}, 
	year={2011}, 
	volume={15}, 
	number={1}, 
	pages={4-31},
	month={Feb}
}

@ARTICLE{Dorronsoro:11, 
	author={Dorronsoro, B. and Bouvry, P.}, 
	journal="{IEEE} Trans. Evol. Comput.", 
	title={Improving Classical and Decentralized Differential Evolution With New Mutation Operator and Population Topologies}, 
	year={2011}, 
	volume={15}, 
	number={1}, 
	pages={67-98}, 
	month={Feb}
}

@article{Gong:11,
	title = "Adaptive strategy selection in differential evolution for numerical optimization: An empirical study ",
	journal = "Information Sciences ",
	volume = "181",
	number = "24",
	pages = "5364 - 5386",
	year = "2011",
	author = "Wenyin Gong and Álvaro Fialho and Zhihua Cai and Hui Li",
}



@article{LaTorre:11,
	year={2011},
	journal={Soft Computing},
	volume={15},
	number={11},
	title={A MOS-based dynamic memetic differential evolution algorithm for continuous optimization: a scalability test},
	publisher={Springer-Verlag},
	author={LaTorre, Antonio and Muelas, Santiago and Pe\~na, Jos\'e-Mar\'ia},
	pages={2187-2199}
}

@article{Mallipeddi:11,
	author = "R. Mallipeddi and P.N. Suganthan and Q.K. Pan and M.F. Tasgetiren",
	title = "Differential evolution algorithm with ensemble of parameters and mutation strategies ",
	journal = "Applied Soft Computing ",
	volume = "11",
	number = "2",
	pages = "1679 - 1696",
	year = "2011"
}

@ARTICLE{Wang:11, 
	author={Yong Wang and Zixing Cai and Qingfu Zhang}, 
	journal="{IEEE} Trans. Evol. Comput.", 
	title={Differential Evolution With Composite Trial Vector Generation Strategies and Control Parameters}, 
	year={2011}, 
	volume={15}, 
	number={1}, 
	pages={55-66},
	month={Feb}
}

@article{Wang:11b,
	year={2011},
	journal={Soft Computing},
	volume={15},
	number={11},
	title={Enhanced opposition-based differential evolution for solving high-dimensional continuous optimization problems},
	publisher={Springer-Verlag},
	author={Wang, Hui and Wu, Zhijian and Rahnamayan, Shahryar},
	pages={2127-2140},
}

@article{Weber:11,
	year={2011},
	journal={Soft Computing},
	volume={15},
	number={11},
	title={Shuffle or update parallel differential evolution for large-scale optimization},
	publisher={Springer-Verlag},
	author={Weber, Matthieu and Neri, Ferrante and Tirronen, Ville},
	pages={2089-2107}
}

@article{Yang:11,
	year={2011},
	journal={Soft Computing},
	volume={15},
	number={11},
	title={Scalability of generalized adaptive differential evolution for large-scale continuous optimization},
	publisher={Springer-Verlag},
	author={Yang, Zhenyu and Tang, Ke and Yao, Xin},
	pages={2141-2155}
}

@INPROCEEDINGS{Brest:12,
	author={Brest, J. and Boskovic, B. and Zamuda, A. and Fister, I. and Maucec, M.S.},
	booktitle={Evolutionary Computation (CEC), 2012 IEEE Congress on},
	title={Self-adaptive differential evolution algorithm with a small and varying population size},
	year={2012},
	month={June},
	pages={1-8},
}

@INPROCEEDINGS{LaTorre:12, 
	author={LaTorre, A. and Muelas, S. and Pe\~na, J. -M.}, 
	booktitle={2012 IEEE Congress on Evolutionary Computation (CEC)}, 
	title={Multiple Offspring Sampling in Large Scale Global Optimization}, 
	year={2012}, 
	month={June}, 
	pages={1-8}, 
}

@article{Weise:12,
	title={Evolutionary Optimization: Pitfalls and Booby Traps},
	journal={Journal of Computer Science and Technology (JCST)},
	number={5},
	volume={27},
	pages={907--936},
	year={2012},
	note={Special Issue on Evolutionary Computation},
	author={Thomas Weise and Raymond Chiong and K. T\'ang}
}

@article{Burke:13,
	author="Burke, E. K. and Gendreau, M. and Hyde, M. and Kendall, G. and Ochoa, G. and Ozcan, E. and Qu, R.",
	title="Hyper-heuristics",
	journal="J Oper Res Soc",
	year="2013",
	month="Dec",
	publisher="Palgrave Macmillan",
	volume="64",
	number="12",
	pages="1695--1724",
}
    
@ARTICLE{Nabi:13, 
	author={Mohammad Nabi Omidvar and Xiaodong Li and Yi Mei and Xin Yao}, 
	journal="{IEEE} Trans. Evol. Comput.", 
	title={Cooperative Co-evolution with Differential Grouping for Large Scale Optimization}, 
	volume={In Press}, 
}

@INPROCEEDINGS{Olguin:13, 
	author={Olguin-Carbajal, M. and Alba, E. and Arellano-Verdejo, J.}, 
	booktitle={IEEE Congr. on Evol. Computation 2013 (CEC'13)}, 
	title={Micro-differential evolution with local search for high dimensional problems}, 
	year={2013}, 
	pages={48-54}, 
}

@article{Piotrowski:13,
	title = "Adaptive Memetic Differential Evolution with Global and Local neighborhood-based mutation operators ",
	journal = "Information Sciences ",
	volume = "241",
	pages = "164 - 194",
	year = "2013",
	author = "Adam P. Piotrowski",
}



@incollection{Price:13,
	year={2013},
	booktitle={Handbook of Optimization},
	volume={38},
	series={Intelligent Systems Reference Library},
	editor={Zelinka, Ivan and Snášel, Václav and Abraham, Ajith},
	title={Differential Evolution},
	publisher={Springer Berlin Heidelberg},
	author={Price, KennethV.},
	pages={187-214}
}

@incollection{Tvrdik:13,
	year={2013},
	booktitle={Handbook of Optimization},
	volume={38},
	series={Intelligent Systems Reference Library},
	editor={Zelinka, Ivan and Snášel, Václav and Abraham, Ajith},
	title={Adaptive Variants of Differential Evolution: Towards Control-Parameter-Free Optimizers},
	publisher={Springer Berlin Heidelberg},
	author={Tvrdík, Josef and Poláková, Radka and Veselský, Jiří and Bujok, Petr},
	pages={423-449}
}

@article{Zhao:13,
	title = "Empirical investigations into the exponential crossover of differential evolutions ",
	journal = "Swarm and Evolutionary Computation ",
	volume = "9",
	pages = "27 - 36",
	year = "2013",
	author = "Shi-Zheng Zhao and Ponnuthurai Nagaratnam Suganthan",
}

@article{Zhu:13,
	title = "Adaptive population tuning scheme for differential evolution",
	journal = "Information Sciences ",
	volume = "223",
	pages = "164 - 191",
	year = "2013",
	author = "Wu Zhu and Yang Tang and Jian-an Fang and Wenbing Zhang",
}

@article{Ghasemi:14,
	title = "Modified teaching learning algorithm and double differential evolution algorithm for optimal reactive power dispatch problem: A comparative study ",
	journal = "Information Sciences",
	volume = "278",
	number = "0",
	pages = "231 - 249",
	year = "2014",
	author = "Mojtaba Ghasemi and Mohammad Mehdi Ghanbarian and Sahand Ghavidel and Shima Rahmani and Esmaeil Mahboubi Moghaddam",
}

@article{LaTorre:14,
	title = "A comprehensive comparison of large scale global optimizers",
	journal = "Information Sciences",
	volume = "",
	number = "0",
	pages = "In Press",
	year = "2014",
	note = "",
	author={LaTorre, Antonio and Muelas, Santiago and Pe\~na, Jos\'e-Mar\'ia},
}

@article{Mahdavi:14,
	title = "Metaheuristics in large-scale global continues optimization: A survey ",
	journal = "Information Sciences ",
	volume = "295",
	number = "0",
	pages = "407 - 428",
	year = "2015",
	author = "Sedigheh Mahdavi and Mohammad Ebrahim Shiri and Shahryar Rahnamayan",
}


@article{Segura:14,
	year={2014},
	journal={Optimization Letters},
	title={On the adaptation of the mutation scale factor in differential evolution},
	publisher={Springer Berlin Heidelberg},
	author={Segura, Carlos and Coello Coello, Carlos A. and Segredo, Eduardo and Le\'on, Coromoto},
	pages={1-10},
}

@ARTICLE{Yu:14, 
	author={Wei-Jie Yu and Meie Shen and Wei-Neng Chen and Zhi-Hui Zhan and Yue-Jiao Gong and Ying Lin and Ou Liu and Jun Zhang}, 
	journal={IEEE Trans. Cybern.}, 
	title={Differential Evolution With Two-Level Parameter Adaptation}, 
	year={2014}, 
	month={July}, 
	volume={44}, 
	number={7}, 
	pages={1080-1099}, 
}

@article{Zhao:14,
	title = "Power system fault diagnosis based on history driven differential evolution and stochastic time domain simulation ",
	journal = "Information Sciences ",
	volume = "275",
	pages = "13 - 29",
	year = "2014",
	author = "Junhua Zhao and Yan Xu and Fengji Luo and ZhaoYang Dong and Yaoyao Peng",
}


